@inproceedings{AXIS,
 author = {Williams, Joseph Jay and Kim, Juho and Rafferty, Anna and Maldonado, Samuel and Gajos, Krzysztof Z. and Lasecki, Walter S. and Heffernan, Neil},
 title = {AXIS: Generating Explanations at Scale with Learnersourcing and Machine Learning},
 booktitle = {Proceedings of the Third (2016) ACM Conference on Learning @ Scale},
 series = {L@S '16},
 year = {2016},
 isbn = {978-1-4503-3726-7},
 location = {Edinburgh, Scotland, UK},
 pages = {379--388},
 numpages = {10},
 url = {http://doi.acm.org/10.1145/2876034.2876042},
 doi = {10.1145/2876034.2876042},
 acmid = {2876042},
 publisher = {ACM},
 address = {New York, NY, USA},
 keywords = {adaptive learning, crowdsourcing, explanation, learnersourcing, learning at scale, machine learning},
} 

@inproceedings{HumanInTheLoop,
  title={Where to Add Actions in Human-in-the-Loop Reinforcement Learning},
  author={Travis Mandel and Yun-En Liu and Emma Brunskill and Zoran Popovic},
  booktitle={AAAI},
  year={2017}
}
